# Alternatif manajemen daftar pustaka dengan \bibliography
# Keuntungannya adalah sitasi dapat langsung disalin dari web (contoh: scholar.google.com) dan format tampilan dapat diubah secara otomatis hanya dengan mengganti konfigurasi \bibliographystyle di laporan-kp.tex https://www.sharelatex.com/learn/Bibtex_bibliography_styles

@article{lankton2008introduction,
  title={Introduction to LATEX},
  author={Lankton, Shawn},
  year={2008}
}

@article{chin2000learning,
  title={Learning in science: A comparison of deep and surface approaches},
  author={Chin, Christine and Brown, David E},
  journal={Journal of research in science teaching},
  volume={37},
  number={2},
  pages={109--138},
  year={2000},
  publisher={Wiley Online Library}
}

@article{barto1995learning,
  title={Learning to act using real-time dynamic programming},
  author={Barto, Andrew G and Bradtke, Steven J and Singh, Satinder P},
  journal={Artificial Intelligence},
  volume={72},
  number={1},
  pages={81--138},
  year={1995},
  publisher={Elsevier}
}

@misc{edgrant2025kptemplate,
  title={Laporan Kerja Praktek DTE FTUI Template},
  author={Suryajaya, Edgrant Henderson},
  year={2025},
  howpublished={\url{https://github.com/EdgrantHS/Laporan-KP-TEEP}},
  note={Accessed: 2025-08-01}
}

@misc{febrian2017uitemplate,
  title={Thesis Template for Universitas Indonesia},
  author={Febrian, Andreas and others},
  year={2017},
  howpublished={\url{https://www.overleaf.com/latex/templates/thesis-template-for-universitas-indonesia/brfkhqvmkzhv}},
  note={Accessed: 2025-08-01}
}